<?xml version="1.0" encoding="UTF-8"?><collection xmlns="http://www.loc.gov/MARC21/slim"><record><leader>00418nam--2200109-i-4500</leader><controlfield tag="001">000038679</controlfield><controlfield tag="002">20161230</controlfield><controlfield tag="005">20161230201041</controlfield><controlfield tag="008">060222s1000------------r-----000-0-eng-d</controlfield><datafield ind1=" " ind2=" " tag="245"><subfield code="a">Report on the pilot project for central tabulation of the agricultural census data for the united kingdom of libya by electronic computers.  prepared by c.k.dilwali</subfield></datafield><datafield ind1=" " ind2=" " tag="260"><subfield code="a">Rome, International Computation Centre, 1962, 99p</subfield></datafield><datafield ind1=" " ind2=" " tag="852"><subfield code="a">19435</subfield></datafield></record></collection>